%%%%%%%%%%%%%%%%%%%%%%%%%%%%%%%%%%%%%%%%%%%%%%%%%%%%
%%%%%%%%%%%%%%%%%%%%%%%%% Libros

@book{agg,
    author    = "Charu Aggarwal",
    title     = "Recommender Systems, the textbook",
    year      = "2016",
    publisher = "Springer"
}

@incollection{neighbordsurvey,
  title={A Comprehensive Survey of Neighborhood-based Recommendation Methods},
  author={Desrosiers, Christian and Karypis, George},
  booktitle={Recommender systems handbook},
  pages={107--144},
  year={2015},
  publisher={Springer}
}

@incollection{korenadv,
  title={Advances in collaborative filtering},
  author={Koren, Yehuda and Bell, Robert},
  booktitle={Recommender systems handbook},
  pages={145--186},
  year={2015},
  publisher={Springer}
}

@incollection{evaluateshani,
    author    = "Guy Shani and Asela Gunawardana",
	chapter   = "Evaluating recommendation systems",
	title     = "Recommender Systems Handbook",
    pages 	  = "257--297",
    year      = "2015",
    publisher = "Springer"
}

%%%%%%%%%%%%%%%%%%%%%%%%%%%%%%%%%%%%%%%%%%%
%%%%%%%%%%%%%%%%%%%%% Netflix
@inproceedings{bennett2007netflix,
  title={The netflix prize},
  author={Bennett, James and Lanning, Stan and others},
  booktitle={Proceedings of KDD cup and workshop},
  volume={2007},
  pages={35},
  year={2007},
  organization={New York, NY, USA}
}

@misc{chen2012collaborative,
  title={Collaborative filtering on very sparse graphs a recommendation system for yelp.com},
  author={Chen, Phil and Posch, Dan},
  year={2012},
  publisher={November}
}

%%%%%%%%%%%%%%%%%%%%
%% Matrix aproximation
@article{lu2015notes,
  title={Notes on Low-rank Matrix Factorization},
  author={Lu, Yuan and Yang, Jie},
  journal={arXiv preprint arXiv:1507.00333},
  year={2015}
}
%%%%%%%%%%%%%%%%%%%%%%%%%%%%%%%%%%%%%%%%%%%
%%%%%%%%%%%%%%%%%%%%% Capitulo 1
%%%%%%%%%%%%%%%%%%%%% Intro


%%%%%%%%%%%%%%%%%%%%% Slope
@article{slope,
    author =       "Daniel Lemire and Anna Maclachlan",
    title =        "Slope One Predictors for Online Rating-Based Collaborative Filtering",
    journal =      "Proceedings of the 2005 SIAM International Conference on Data Mining",
    pages =        "471-475",
    year =         "2005",
    DOI =          "arXiv:cs/0702144v2"
}

@inproceedings{zhang2009item,
  title={An item-based collaborative filtering recommendation algorithm using slope one scheme smoothing},
  author={Zhang, DeJia},
  booktitle={Electronic Commerce and Security, 2009. ISECS'09. Second International Symposium on},
  volume={2},
  pages={215--217},
  year={2009},
  organization={IEEE}
}

%%%%%%%%%%%%%%%%%%%%%% K-NN %%%%%%%%%%%%%%%%%%%%%%%%%%%%%%%%%
@inproceedings{sarwar2001item,
  title={Item-based collaborative filtering recommendation algorithms},
  author={Sarwar, Badrul and Karypis, George and Konstan, Joseph and Riedl, John},
  booktitle={Proceedings of the 10th international conference on World Wide Web},
  pages={285--295},
  year={2001},
  organization={ACM}
}

@inproceedings{herlocker1999algorithmic,
  title		={An algorithmic framework for performing collaborative filtering},
  author	={Herlocker, Jonathan L and Konstan, Joseph A and Borchers, Al and Riedl, John},
  booktitle	={Proceedings of the 22nd annual international ACM SIGIR conference on Research and development in information retrieval},
  pages		={230--237},
  year		={1999},
  organization={ACM}
}

@article{koren2010factor,
  title={Factor in the neighbors: Scalable and accurate collaborative filtering},
  author={Koren, Yehuda},
  journal={ACM Transactions on Knowledge Discovery from Data (TKDD)},
  volume={4},
  number={1},
  pages={1},
  year={2010},
  publisher={ACM}
}

@article{vucetic2005collaborative,
  title={Collaborative filtering using a regression-based approach},
  author={Vucetic, Slobodan and Obradovic, Zoran},
  journal={Knowledge and Information Systems},
  volume={7},
  number={1},
  pages={1--22},
  year={2005},
  publisher={Springer}
}

%%%%%%%%%%%%%%%%%%% Evaluation %%%%%%%%%%%%%%%%%%%%%%%%%%%%%%%%%%%%%%
@article{evaluate-hertlocker,
  title		={Evaluating collaborative filtering recommender systems},
  author	={Herlocker, Jonathan L and Konstan, Joseph A and Terveen, Loren G and Riedl, John T},
  journal	={ACM Transactions on Information Systems (TOIS)},
  volume	={22},
  number	={1},
  pages		={5--53},
  year		="2004",
  publisher	="ACM"
}

@article{kohavi2009controlled,
  title={Controlled experiments on the web: survey and practical guide},
  author={Kohavi, Ron and Longbotham, Roger and Sommerfield, Dan and Henne, Randal M},
  journal={Data mining and knowledge discovery},
  volume={18},
  number={1},
  pages={140--181},
  year={2009},
  publisher={Springer}
}

@article{cacheda2011comparison,
  title={Comparison of collaborative filtering algorithms: Limitations of current techniques and proposals for scalable, high-performance recommender systems},
  author={Cacheda, Fidel and Carneiro, V{\'\i}ctor and Fern{\'a}ndez, Diego and Formoso, Vreixo},
  journal={ACM Transactions on the Web (TWEB)},
  volume={5},
  number={1},
  pages={2},
  year={2011},
  publisher={ACM}
}

@inproceedings{ACCURACYmcnee2006being,
  title={Being accurate is not enough: how accuracy metrics have hurt recommender systems},
  author={McNee, Sean M and Riedl, John and Konstan, Joseph A},
  booktitle={CHI'06 extended abstracts on Human factors in computing systems},
  pages={1097--1101},
  year={2006},
  organization={ACM}
}

@inproceedings{NDCGweimer2008cofi,
  title={Cofi rank-maximum margin matrix factorization for collaborative ranking},
  author={Weimer, Markus and Karatzoglou, Alexandros and Le, Quoc V and Smola, Alex J},
  booktitle={Advances in neural information processing systems},
  pages={1593--1600},
  year={2008}
}

%%%%%%%%%%%%%%%%%%%%%%% RMSE vs MAE
@article{RMSEwillmott2005advantages,
  title={Advantages of the mean absolute error (MAE) over the root mean square error (RMSE) in assessing average model performance},
  author={Willmott, Cort J and Matsuura, Kenji},
  journal={Climate research},
  volume={30},
  number={1},
  pages={79--82},
  year={2005},
  publisher={JSTOR}
}

@article{RMSEchai2014root,
  title={Root mean square error (RMSE) or mean absolute error (MAE)?--Arguments against avoiding RMSE in the literature},
  author={Chai, Tianfeng and Draxler, Roland R},
  journal={Geoscientific model development},
  volume={7},
  number={3},
  pages={1247--1250},
  year={2014},
  publisher={Copernicus GmbH}
}

%%%%%%%%%%%%%%%%%%%%%%% SVD %%%%%%%%%%%%%%%%%%%%%%%%%%%%%%%%%%%%%%
@inproceedings{koren2008factorization,
  title={Factorization meets the neighborhood: a multifaceted collaborative filtering model},
  author={Koren, Yehuda},
  booktitle={Proceedings of the 14th ACM SIGKDD international conference on Knowledge discovery and data mining},
  pages={426--434},
  year={2008},
  organization={ACM}
}
@inproceedings{paterek2007improving,
  title={Improving regularized singular value decomposition for collaborative filtering},
  author={Paterek, Arkadiusz},
  booktitle={Proceedings of KDD cup and workshop},
  volume={2007},
  pages={5--8},
  year={2007}
}

@article{takacs2007major,
  title={Major components of the gravity recommendation system},
  author={Tak{\'a}cs, G{\'a}bor and Pil{\'a}szy, Istv{\'a}n and N{\'e}meth, Botty{\'a}n and Tikk, Domonkos},
  journal={ACM SIGKDD Explorations Newsletter},
  volume={9},
  number={2},
  pages={80--83},
  year={2007},
  publisher={ACM}
}

%%%%%%%%%%%%%%%%%%%% FM %%%%%%%%%%%%%%%%%%%%%%%%%%%%%%%%%%%%
@inproceedings{rendle2010factorization,
  title={Factorization machines},
  author={Rendle, Steffen},
  booktitle={Data Mining (ICDM), 2010 IEEE 10th International Conference on},
  pages={995--1000},
  year={2010},
  organization={IEEE}
}

@article{rendle2012factorization,
  title={Factorization machines with libfm},
  author={Rendle, Steffen},
  journal={ACM Transactions on Intelligent Systems and Technology (TIST)},
  volume={3},
  number={3},
  pages={57},
  year={2012},
  publisher={ACM}
}

@inproceedings{FM:blondel2016hofm,
  title={Higher-order factorization machines},
  author={Blondel, Mathieu and Fujino, Akinori and Ueda, Naonori and Ishihata, Masakazu},
  booktitle={Advances in Neural Information Processing Systems},
  pages={3351--3359},
  year={2016}
}

@incollection{grvcar2006KNNvsSVM,
  title={kNN versus SVM in the collaborative filtering framework},
  author={Gr{\v{c}}ar, Miha and Fortuna, Bla{\v{z}} and Mladeni{\v{c}}, Dunja and Grobelnik, Marko},
  booktitle={Data Science and Classification},
  pages={251--260},
  year={2006},
  publisher={Springer}
}
%%%%%%%%%%%%%%%%%%%%%%%%%%%%%%%%%%%%%%%%%%%%%%%
%%%%%%%%%%%%%%%%%%%%%%%%%%%%%%%%%%%%%%%%%%%%%%%
%%%%%%%%%%%%%% COLD START

@article{CS:rashid2008learning,
  title={Learning preferences of new users in recommender systems: an information theoretic approach},
  author={Rashid, Al Mamunur and Karypis, George and Riedl, John},
  journal={Acm Sigkdd Explorations Newsletter},
  volume={10},
  number={2},
  pages={90--100},
  year={2008},
  publisher={ACM}
}

@inproceedings{CS:rashid2002getting,
  title={Getting to know you: learning new user preferences in recommender systems},
  author={Rashid, Al Mamunur and Albert, Istvan and Cosley, Dan and Lam, Shyong K and McNee, Sean M and Konstan, Joseph A and Riedl, John},
  booktitle={Proceedings of the 7th international conference on Intelligent user interfaces},
  pages={127--134},
  year={2002},
  organization={ACM}
}

@article{CS:New-son2016dealing,
  title={Dealing with the new user cold-start problem in recommender systems A comparative review},
  author={Son, Le Hoang},
  year={2016},
  publisher={Elsevier Ltd}
}

%%% Para mostrar ejemplos de otras tecnicas
@inproceedings{CS:schein2002methandmetrics,
  title={Methods and metrics for cold-start recommendations},
  author={Schein, Andrew I and Popescul, Alexandrin and Ungar, Lyle H and Pennock, David M},
  booktitle={Proceedings of the 25th annual international ACM SIGIR conference on Research and development in information retrieval},
  pages={253--260},
  year={2002},
  organization={ACM}
}

@article{CS:lika2014facing,
  title={Facing the cold start problem in recommender systems},
  author={Lika, Blerina and Kolomvatsos, Kostas and Hadjiefthymiades, Stathes},
  journal={Expert Systems with Applications},
  volume={41},
  number={4},
  pages={2065--2073},
  year={2014},
  publisher={Elsevier}
}

@inproceedings{CS:kantor1986maxentropy,
  title={The maximum entropy principle in information retrieval},
  author={Kantor, Paul B and Lee, Jung Jin},
  booktitle={Proceedings of the 9th annual international ACM SIGIR conference on Research and development in information retrieval},
  pages={269--274},
  year={1986},
  organization={ACM}
}

%%%%%%%%%%%%%%%%%%%%%%%%%%%%%%%%%%%%%%%%
%%%%%%%%%% Codigo

% SuR
@Misc{Surprise,
author =   {Hug, Nicolas},
title =    { Surprise, a Python library for recommender systems},
howpublished = {{http://surpriselib.com}},
year = {2017}
}

@article{harper2016movielens,
  title={The movielens datasets: History and context},
  author={Harper, F Maxwell and Konstan, Joseph A},
  journal={ACM Transactions on Interactive Intelligent Systems (TiiS)},
  volume={5},
  number={4},
  pages={19},
  year={2016},
  publisher={ACM}
}

%% TF
@misc{tffm2016,
author = {Mikhail Trofimov, Alexander Novikov},
title = {tffm: TensorFlow implementation of an arbitrary order Factorization Machine},
year = {2016},
publisher = {GitHub},
journal = {GitHub repository},
howpublished = {{https://github.com/geffy/tffm}},
}

@article{fastfm,
  author  = {Immanuel Bayer},
  title   = {fastFM: A Library for Factorization Machines},
  journal = {Journal of Machine Learning Research},
  year    = {2016},
  volume  = {17},
  number  = {184},
  pages   = {1-5},
  url     = {http://jmlr.org/papers/v17/15-355.html}
}

@inproceedings{lightfm,
  author    = {Maciej Kula},
  editor    = {Toine Bogers and
               Marijn Koolen},
  title     = {Metadata Embeddings for User and Item Cold-start Recommendations},
  booktitle = {Proceedings of the 2nd Workshop on New Trends on Content-Based Recommender
               Systems co-located with 9th {ACM} Conference on Recommender Systems
               (RecSys 2015), Vienna, Austria, September 16-20, 2015.},
  series    = {{CEUR} Workshop Proceedings},
  volume    = {1448},
  pages     = {14--21},
  publisher = {CEUR-WS.org},
  year      = {2015},
  url       = {http://ceur-ws.org/Vol-1448/paper4.pdf},
}

@article{kingma2014adam,
  title={Adam: A method for stochastic optimization},
  author={Kingma, Diederik P and Ba, Jimmy},
  journal={arXiv preprint arXiv:1412.6980},
  year={2014}
}

@inproceedings{rendle2009bpr,
  title={BPR: Bayesian personalized ranking from implicit feedback},
  author={Rendle, Steffen and Freudenthaler, Christoph and Gantner, Zeno and Schmidt-Thieme, Lars},
  booktitle={Proceedings of the twenty-fifth conference on uncertainty in artificial intelligence},
  pages={452--461},
  year={2009},
  organization={AUAI Press}
}

@inproceedings{weston2011warp,
  title={Wsabie: Scaling up to large vocabulary image annotation},
  author={Weston, Jason and Bengio, Samy and Usunier, Nicolas},
  booktitle={IJCAI},
  volume={11},
  pages={2764--2770},
  year={2011}
}

%%DATOS
http://grouplens.org/datasets/movielens/100k/